<record><leader>00000cas a22000007a 4500</leader><controlfield tag="001">14511120</controlfield><controlfield tag="008">861023d18681869cauwr ne      0    0eng d</controlfield><datafield ind1=" " ind2=" " tag="010"><subfield code="a">sn 86076436 </subfield></datafield><datafield ind1=" " ind2=" " tag="040"><subfield code="a">NNX</subfield><subfield code="b">eng</subfield><subfield code="c">NNX</subfield><subfield code="d">CNK</subfield><subfield code="d">OCLCQ</subfield></datafield><datafield ind1=" " ind2=" " tag="042"><subfield code="a">msc</subfield></datafield><datafield ind1="0" ind2="4" tag="245"><subfield code="a">The Truckee tribune.</subfield></datafield><datafield ind1=" " ind2=" " tag="260"><subfield code="a">Truckee, Calif. :</subfield><subfield code="b">J.W. Ferguson &amp; Co.</subfield></datafield><datafield ind1=" " ind2=" " tag="300"><subfield code="a">v.</subfield></datafield><datafield ind1=" " ind2=" " tag="310"><subfield code="a">Weekly</subfield></datafield><datafield ind1="0" ind2=" " tag="362"><subfield code="a">Vol. 1, no. 1 (Sept. 19, 1868)-v. 1, no. 34 (May 8, 1869).</subfield></datafield><datafield ind1=" " ind2="4" tag="651"><subfield code="a">Nevada County (Calif.)</subfield><subfield code="v">Newspapers.</subfield></datafield><datafield ind1=" " ind2=" " tag="752"><subfield code="a">United States</subfield><subfield code="b">California</subfield><subfield code="c">Nevada</subfield><subfield code="d">Truckee.</subfield></datafield><datafield ind1="0" ind2="0" tag="785"><subfield code="t">Truckee semi-weekly tribune</subfield><subfield code="w">(DLC)sn 86076437</subfield></datafield><datafield ind1="1" ind2=" " tag="029"><subfield code="a">AU@</subfield><subfield code="b">000025805362</subfield></datafield></record>